@misc{th_oadmap,
  author       = {Si Shengyi},
  title        = {Roadmap design for thorium-uranium breeding recycle in PWR},
  year         = {2009},
  note         = {IAEA-CN--164},
  institution  = {International Atomic Energy Agency (IAEA)},
}

@book{IAEA_Th_Potential,
  title={Thorium Fuel Cycle - Potential Benefits and Challenges},
  series={TECDOC Series},
  number={1450},
  year={2005},
  isbn={92-0-103405-9},
  url={https://www.iaea.org/publications/7192/thorium-fuel-cycle-potential-benefits-and-challenges},
  publisher={INTERNATIONAL ATOMIC ENERGY AGENCY},
  address={Vienna}
}

@misc{Th_Colombia,
  title        = {Atlas Geoquímico de Colombia: Concentración de Torio (Th)},
  institution  = {Servicio Geológico Colombiano},
  howpublished = {Bogotá: Servicio Geológico Colombiano, versión 2020},
  note         = {\url{https://www.sgc.gov.co}},
}

@misc{WWER_source, 
  url={https://www-pub.iaea.org/MTCD/Publications/PDF/TCS-21_2nd_web.pdf},
  journal={WWER-1000 reactor simulator}, 
  author={Intenational Atomic Energy Agency}, 
  year={2005}
} 

@artilce{Thoron,
  author       = {{Deutsches Institut für Normung e.V. (DIN)}},
  title        = {Measurement of radioactivity in the environment - Air: radon-222 Pt 11: Test method for soil gas with sampling at depth (ISO 11665-11:2016); German version EN ISO 11665-11:2019},
  year         = {2020},
  institution  = {Beuth Verlag},
  address      = {Berlin, Germany},
  note         = {German version EN ISO 11665-11:2019},
}

@misc{Haynes2024,
  author       = {Haynes International Inc.},
  title        = {Nickel Alloy Brochure},
  year         = {2024},
  howpublished = {\url{https://haynesintl.com/wp-content/uploads/2024/05/n-brochure.pdf}},
  note         = {Accessed: 2024-10-07}
}
