@book{fuel_cycle_book,
   title     = {Nuclear Fuel Cycle},
   author    = {B. S. Tomar and P. R. Vasudeva Rao and S. B. Roy and Jose P. Panakkal and Kanwar Raj and A. N. Nandakumar},
   publisher = {Springer},
   isbn      = {9819909481, 9789819909483},
   year      = {2023},
}

@book{nuclear_reactors_adv,
   title =     {Fundamentals of Nuclear Reactor Physics},
   author =    {Elmer E. Lewis},
   publisher = {Academic Press},
   isbn =      {0123706319; 9780123706317; 9780080560434; 0080560431},
   year =      {2008},
}

@article{Th_cycle_viability,
    title = {Viability of thorium-based nuclear fuel cycle for the next generation nuclear reactor: Issues and prospects},
    journal = {Renewable and Sustainable Energy Reviews},
    volume = {97},
    pages = {259-275},
    year = {2018},
    issn = {1364-0321},
    doi = {https://doi.org/10.1016/j.rser.2018.08.019},
    url = {https://www.sciencedirect.com/science/article/pii/S1364032118305951},
    author = {Uguru Edwin Humphrey and Mayeen Uddin Khandaker},
    keywords = {Thorium-based fuel, Thorium availability, Neutronic properties, Fuel fabrication methods, Reprocessing},
}