@article{LAU201248,
    title = {Improvement of LWR thermal margins by introducing thorium},
    journal = {Progress in Nuclear Energy},
    volume = {61},
    pages = {48-56},
    year = {2012},
    issn = {0149-1970},
    doi = {https://doi.org/10.1016/j.pnucene.2012.07.004},
    url = {https://www.sciencedirect.com/science/article/pii/S0149197012000972},
    author = {Cheuk Wah Lau and Christophe Demazière and Henrik Nylén and Urban Sandberg},
}