@book{book_science_direct,
   title =     {Physics of Nuclear Reactors},
   author =    {P. Mohanakrishnan (editor), Om Pal Singh (editor), K. Umasankari (editor)},
   publisher = {Academic Press},
   isbn =      {9780128224410},
   year =      {2021},
   edition =   {1},
}