@book{TMSR_book,
   title =     {Molten Salt Reactors and Thorium Energy},
   author =    {Thomas James Dolan},
   publisher = {Woodhead Publishing},
   isbn =      {9780081011263},
   year =      {2017},
   edition =   {1},
}


@book{Lamarsh_Baratta_2009, 
    place={Upper Saddle River, N.J, London}, 
    title={Introduction to nuclear engineering},
    publisher={Prentice Hall; Pearson Education distributor}, 
    author={Lamarsh, John R. and Baratta, Anthony John}, 
    year={2009}
} 

@article{Kornecki_Wise_2024, 
    title={The role of advanced nuclear reactors and fuel cycles in a future energy system}, 
    volume={3}, 
    DOI={10.1093/pnasnexus/pgae030}, 
    number={2}, journal={PNAS Nexus},
    author={Kornecki, Kasia and Wise, Catherine F},
    year={2024},
    month={Jan}
} 
