@book{Lewis_2014, 
    place={Amsterdam}, 
    title={Fundamentals of Nuclear Reactor Physics}, 
    publisher={Elsevier e-books}, 
    author={Lewis, E. E.}, 
    year={2014}
} 

@book{Stacey_2010, 
    place={Weinheim},
    title={Nuclear reactor physics Weston M. Stacey}, 
    publisher={Wiley-VCH-Verl},
    author={Stacey, Weston M.}, 
    year={2010}
}

@book{Spiro,
   title =     {Fundamentals in nuclear physics: from nuclear structure to cosmology},
   author =    {Jean-Louis Basdevant, James Rich, Michael Spiro},
   publisher = {Springer},
   isbn =      {0387016724; 9780387016726},
   year =      {2005},
   edition =   {1},
}

@book{Krane,
   title =     {Introductory Nuclear Physics},
   author =    {Kenneth S. Krane},
   publisher = {John Wiley},
   isbn =      {047180553X; 9780471805533},
   year =      {1988},
   edition =   {2nd.},
}

@techreport{IAEA2005,
  title        = {Thorium Fuel Cycle â€” Potential Benefits and Challenges},
  author       = {International Atomic Energy Agency},
  year         = 2005,
  institution  = {International Atomic Energy Agency},
  address      = {Vienna, Austria},
  number       = {IAEA-TECDOC-1450},
  isbn         = {92-0-103405-9},
  issn         = {1011-4289},
  url          = {https://www.iaea.org/publications/7196/thorium-fuel-cycle-potential-benefits-and-challenges}
}


@inproceedings{BEPN_figure,
  title={The Water Neutron Detector (WaND)},
  author={Alexandra Asghari},
  year={2016},
  url={https://api.semanticscholar.org/CorpusID:100282839}
}

@misc{NNDC,
  author       = {National Nuclear Data Center},
  title        = {National Nuclear Data Center},
  year         = 2024,
  url          = {https://www.nndc.bnl.gov/},
  note         = {Accessed: 2024-08-24}
}


@unpublished{Notas_sanabricas,
    author = {Juan Carlos Sanabria},
    title = {Reactores nucleares - Notas de clase},
    year    = {2021},
    note    = {unpublished},
}